@misc{passsafe:2015,
title = {Password Safe},
month = oct,
year = {2015},
howpublished = "\url{https://www.schneier.com/passsafe.html}"
}

@inproceedings{li2014emperor,
  title={The emperor's new password manager: Security analysis of web-based password managers},
  author={Li, Zhiwei and He, Warren and Akhawe, Devdatta and Song, Dawn},
  booktitle={23rd USENIX Security Symposium (USENIX Security 14)},
  year={2014},
  organization={USENIX Association}
}

@inproceedings{chiasson2006usability,
  title={A Usability Study and Critique of Two Password Managers.},
  author={Chiasson, Sonia and van Oorschot, Paul C and Biddle, Robert},
  booktitle={Usenix Security},
  volume={6},
  year={2006}
}

@article{morris1979password,
  title={Password security: A case history},
  author={Morris, Robert and Thompson, Ken},
  journal={Communications of the ACM},
  volume={22},
  number={11},
  pages={594--597},
  year={1979},
  publisher={ACM}
}

@inproceedings{ross2005stronger,
  title={Stronger Password Authentication Using Browser Extensions.},
  author={Ross, Blake and Jackson, Collin and Miyake, Nick and Boneh, Dan and Mitchell, John C},
  booktitle={Usenix security},
  pages={17--32},
  year={2005},
  organization={Baltimore, MD, USA}
}

  @inproceedings{halderman2005convenient,
  title={A convenient method for securely managing passwords},
  author={Halderman, J Alex and Waters, Brent and Felten, Edward W},
  booktitle={Proceedings of the 14th international conference on World Wide Web},
  pages={471--479},
  year={2005},
  organization={ACM}
}

@inproceedings{yee2006passpet,
  title={Passpet: convenient password management and phishing protection},
  author={Yee, Ka-Ping and Sitaker, Kragen},
  booktitle={Proceedings of the second symposium on Usable privacy and security},
  pages={32--43},
  year={2006},
  organization={ACM}
}

@incollection{kelsey1998secure,
  title={Secure applications of low-entropy keys},
  author={Kelsey, John and Schneier, Bruce and Hall, Chris and Wagner, David},
  booktitle={Information Security},
  pages={121--134},
  year={1998},
  publisher={Springer}
}

@inproceedings{provos1999bcrypt,
  title={Bcrypt Algorithm},
  author={Provos, Niels and Mazieres, David},
  year={1999},
  organization={USENIX}
}

@book{kerckhoffs1978cryptographie,
  title={La cryptographie militaire},
  author={Kerckhoffs, Auguste},
  year={1978},
  publisher={University Microfilms}
}

@misc{btc:hashrate:2015,
title = {Hash Rate of Bitcoin network},
month = dec,
year = {2015},
howpublished = "\url{https://blockchain.info/charts/hash-rate}"
}

@article{nakamoto2008bitcoin,
  title={Bitcoin: A peer-to-peer electronic cash system},
  author={Nakamoto, Satoshi},
  journal={Consulted},
  volume={1},
  number={2012},
  pages={28},
  year={2008}
}
